<record xmlns="http://www.loc.gov/MARC21/slim" xmlns:xsi="http://www.w3.org/2001/XMLSchema-instance" xsi:schemaLocation="http://www.loc.gov/MARC21/slim http://www.loc.gov/standards/marcxml/schema/MARC21slim.xsd"><leader>01767nam a2200337   4500</leader><controlfield tag="001">002186291</controlfield><controlfield tag="003">NNU</controlfield><controlfield tag="006">m        d        </controlfield><controlfield tag="007">cr cn |||m|||a</controlfield><controlfield tag="008">150116s1904    ua a    o     000 1 araod</controlfield><datafield ind1=" " ind2=" " tag="040"><subfield code="a">NNU</subfield><subfield code="b">eng</subfield><subfield code="c">NNU</subfield></datafield><datafield ind1=" " ind2=" " tag="066"><subfield code="c">(3</subfield></datafield><datafield ind1=" " ind2=" " tag="090"><subfield code="a">PJ7814.N8</subfield><subfield code="b">U7 1904</subfield></datafield><datafield ind1="1" ind2=" " tag="100"><subfield code="6">880-01</subfield><subfield code="a">An&#7789;&#363;n, Fara&#7717;,</subfield><subfield code="d">1874-1922</subfield></datafield><datafield ind1="1" ind2="0" tag="245"><subfield code="6">880-02</subfield><subfield code="a">&#362;r&#363;shl&#299;m al-jad&#299;dah, aw, Fat&#7717; al-&#699;Arab Bayt al-Maqdis</subfield><subfield code="h">[electronic resource] :</subfield><subfield code="b">wa-al-rajul al-mar&#299;&#7693; wa-al-Isr&#257;&#700;&#299;l&#299;yah al-jam&#299;lah f&#299;h&#257; ... /</subfield><subfield code="c">t&#257;&#700;l&#299;f Fara&#7717; An&#7789;&#363;n.</subfield></datafield><datafield ind1=" " ind2=" " tag="260"><subfield code="6">880-03</subfield><subfield code="a">[Alexandria] :</subfield><subfield code="b">al-J&#257;mi&#699;ah,,</subfield><subfield code="c">[1904]</subfield></datafield><datafield ind1=" " ind2=" " tag="300"><subfield code="a">online resource (iv, 180 p.) :</subfield><subfield code="b">ill.</subfield></datafield><datafield ind1=" " ind2=" " tag="500"><subfield code="a">A novel.</subfield></datafield><datafield ind1=" " ind2=" " tag="500"><subfield code="a">Imprint wanting; imprint from Carl Brockelmann. Geschichte der arabischen Literatur. Supplement v. 3, p. 192-193.</subfield></datafield><datafield ind1=" " ind2=" " tag="500"><subfield code="a">Part of the Arabic Collections Online (ACO) project, contributed by New York Univeristy Libraries.</subfield></datafield><datafield ind1=" " ind2=" " tag="533"><subfield code="a">Electronic reproduction.</subfield><subfield code="b">New York, N.Y. :</subfield><subfield code="c">New York University,</subfield><subfield code="d">2015.</subfield><subfield code="5">NNU</subfield></datafield><datafield ind1="2" ind2=" " tag="710"><subfield code="a">New York University.</subfield><subfield code="b">Libraries.</subfield></datafield><datafield ind1="0" ind2=" " tag="730"><subfield code="a">Arabic Collections Online.</subfield></datafield><datafield ind1="0" ind2=" " tag="740"><subfield code="a">Fat&#7717; al-&#699;Arab Bayt al-Maqdis.</subfield></datafield><datafield ind1="0" ind2="8" tag="776"><subfield code="i">Print version:</subfield><subfield code="a">An&#7789;&#363;n, Fara&#7717;, 1874-1922 880-01</subfield><subfield code="t">&#362;r&#363;shl&#299;m al-jad&#299;dah, aw, Fat&#7717; al-&#699;Arab Bayt al-Maqdis</subfield><subfield code="w">(NNU)002186291</subfield></datafield><datafield ind1="4" ind2="0" tag="856"><subfield code="u">http://hdl.handle.net/2333.1/5tb2rdd9</subfield></datafield><datafield ind1="0" ind2=" " tag="880"><subfield code="6">100-01/</subfield><subfield code="a">&#1601;&#1585;&#1581; &#1575;&#1606;&#1591;&#1608;&#1606;.</subfield></datafield><datafield ind1="1" ind2="0" tag="880"><subfield code="6">245-02/</subfield><subfield code="a">&#1575;&#1608;&#1585;&#1608;&#1588;&#1604;&#1610;&#1605; &#1575;&#1604;&#1580;&#1583;&#1610;&#1583;&#1577;&#1548; &#1575;&#1608;&#1548; &#1601;&#1578;&#1581; &#1575;&#1604;&#1593;&#1585;&#1576; &#1576;&#1610;&#1578; &#1575;&#1604;&#1605;&#1602;&#1583;&#1587; :</subfield><subfield code="b">&#1608;&#1575;&#1604;&#1585;&#1580;&#1604; &#1575;&#1604;&#1605;&#1585;&#1610;&#1590; &#1608;&#1575;&#1604;&#1575;&#1587;&#1585;&#1575;&#1574;&#1610;&#1604;&#1610;&#1577; &#1575;&#1604;&#1580;&#1605;&#1610;&#1604;&#1577; &#1601;&#1610;&#1607;&#1575; ... /</subfield><subfield code="c">&#1578;&#1571;&#1604;&#1610;&#1601; &#1601;&#1585;&#1581; &#1575;&#1606;&#1591;&#1608;&#1606;.</subfield></datafield><datafield ind1=" " ind2=" " tag="880"><subfield code="6">260-03/</subfield><subfield code="a">[Alexandria] :</subfield><subfield code="b">&#1575;&#1604;&#1580;&#1575;&#1605;&#1593;&#1577;&#1548;</subfield><subfield code="c">[&#1633;&#1641;&#1632;&#1636;]</subfield></datafield><datafield ind1=" " ind2=" " tag="959"><subfield code="a">NNU</subfield><subfield code="b">WEB</subfield><subfield code="c">GENI</subfield><subfield code="t">0</subfield><subfield code="m">Electronic access</subfield><subfield code="s">01</subfield></datafield><datafield ind1=" " ind2=" " tag="999"><subfield code="i">NNU_002186291</subfield><subfield code="o" /></datafield></record>